<record><leader>00000cas a2200000 a 4500</leader><controlfield tag="001">11900349</controlfield><controlfield tag="008">850410d19061907ksuwr ne      0   a0eng d</controlfield><datafield ind1=" " ind2=" " tag="010"><subfield code="a">sn 85031143 </subfield></datafield><datafield ind1=" " ind2=" " tag="040"><subfield code="a">KSH</subfield><subfield code="b">eng</subfield><subfield code="c">KSH</subfield><subfield code="d">NPT</subfield><subfield code="d">OCL</subfield><subfield code="d">OCLCQ</subfield></datafield><datafield ind1=" " ind2=" " tag="042"><subfield code="a">msc</subfield></datafield><datafield ind1="0" ind2="4" tag="245"><subfield code="a">The Windom press.</subfield></datafield><datafield ind1=" " ind2=" " tag="260"><subfield code="a">Windom, Kan. :</subfield><subfield code="b">M.C. Stevens</subfield></datafield><datafield ind1=" " ind2=" " tag="300"><subfield code="a">v. :</subfield><subfield code="b">ill. ;</subfield><subfield code="c">49-54 cm.</subfield></datafield><datafield ind1=" " ind2=" " tag="310"><subfield code="a">Weekly</subfield></datafield><datafield ind1="1" ind2=" " tag="362"><subfield code="a">Began in Apr. 1906? Ceased with Sept. 27, 1907 issue?</subfield></datafield><datafield ind1=" " ind2=" " tag="500"><subfield code="a">Published by B.A. Belt, July 27, 1906-Sept. 27, 1907.</subfield></datafield><datafield ind1=" " ind2=" " tag="525"><subfield code="a">Supplements included with Nov. 9 and Dec. 28, 1906 issues.</subfield></datafield><datafield ind1=" " ind2=" " tag="588"><subfield code="a">Description based on: Vol. 1, no. 2 (Apr. 20, 1906).</subfield></datafield><datafield ind1=" " ind2=" " tag="752"><subfield code="a">United States</subfield><subfield code="b">Kansas</subfield><subfield code="c">McPherson</subfield><subfield code="d">Windom.</subfield></datafield></record>